@COMMENT{referenceWord,
	author		= "Author",
	title		= "Title",
	publisher	= "Publisher",
	year		= "Year",
}
